<?xml version="1.0" encoding="UTF-8"?><collection xmlns="http://www.loc.gov/MARC21/slim"><record><leader>00455nam--2200181-i-4500</leader><controlfield tag="001">000033821</controlfield><controlfield tag="002">20161230</controlfield><controlfield tag="005">20161230201039</controlfield><controlfield tag="008">060222s1000------------r-----000-0-fre-d</controlfield><datafield ind1=" " ind2=" " tag="040"><subfield code="a">IFIN-HH</subfield></datafield><datafield ind1=" " ind2=" " tag="041"><subfield code="a">fre</subfield></datafield><datafield ind1=" " ind2=" " tag="080"><subfield code="a">536.7:531.19</subfield></datafield><datafield ind1="1" ind2=" " tag="100"><subfield code="a">Morel, Pierre</subfield></datafield><datafield ind1="1" ind2="0" tag="245"><subfield code="a">Physique quantique et thermique. cours de physique</subfield><subfield code="c">Pierre morel</subfield></datafield><datafield ind1=" " ind2=" " tag="260"><subfield code="a">Paris</subfield><subfield code="b">Hermann</subfield><subfield code="c">1969</subfield></datafield><datafield ind1=" " ind2=" " tag="300"><subfield code="a">257P</subfield></datafield><datafield ind1=" " ind2=" " tag="852"><subfield code="a">36035</subfield><subfield code="c">53</subfield></datafield><datafield ind1=" " ind2=" " tag="CAT"><subfield code="a">Sys</subfield><subfield code="c">20150311</subfield><subfield code="h">105634</subfield></datafield></record></collection>